@article {earsReview2016,
    author  = "{Ž. Emeršič; V. Štruc; P. Peer}",
    title   = "Ear Recognition: More that a Survey",
    journal = "poslano v recenzijo v Neurocomputing",
    year    = "2016"
}

@article{pflug2015ear,
  title={Ear Recognition: Biometric Identification using 2- and 3-Dimensional Images of Human Ears},
  author={Pflug, Anika},
  year={2015},
  journal={doktorska disertacija}
}

@inproceedings{huang2007unsupervised,
  title={Unsupervised joint alignment of complex images},
  author={Huang, Gary B and Jain, Vidit and Learned-Miller, Erik},
  booktitle={Computer Vision. IEEE International Conference on},
  pages={1--8},
  year={2007},
  organization={IEEE}
}

@article{fischler1981random,
  title={Random sample consensus: a paradigm for model fitting with applications to image analysis and automated cartography},
  author={Fischler, Martin A and Bolles, Robert C},
  journal={Communications of the ACM},
  volume={24},
  number={6},
  pages={381--395},
  year={1981},
  publisher={ACM}
}